%YAML 1.1
%TAG !u! tag:unity3d.com,2011:
--- !u!1 &2359101599854705353
GameObject:
  m_ObjectHideFlags: 0
  m_CorrespondingSourceObject: {fileID: 0}
  m_PrefabInstance: {fileID: 0}
  m_PrefabAsset: {fileID: 0}
  serializedVersion: 6
  m_Component:
  - component: {fileID: 6959141517703626674}
  - component: {fileID: 1234730492390569800}
  m_Layer: 0
  m_Name: Cassiopeia
  m_TagString: Untagged
  m_Icon: {fileID: 0}
  m_NavMeshLayer: 0
  m_StaticEditorFlags: 0
  m_IsActive: 1
--- !u!4 &6959141517703626674
Transform:
  m_ObjectHideFlags: 0
  m_CorrespondingSourceObject: {fileID: 0}
  m_PrefabInstance: {fileID: 0}
  m_PrefabAsset: {fileID: 0}
  m_GameObject: {fileID: 2359101599854705353}
  m_LocalRotation: {x: -0, y: -0, z: -0, w: 1}
  m_LocalPosition: {x: 0, y: 0, z: 0}
  m_LocalScale: {x: 1, y: 1, z: 1}
  m_Children:
  - {fileID: 5141882231954299779}
  - {fileID: 8436702060917502552}
  - {fileID: 2567033707248193344}
  - {fileID: 1967023119751807397}
  - {fileID: 4645147374959762001}
  m_Father: {fileID: 0}
  m_RootOrder: 0
  m_LocalEulerAnglesHint: {x: 0, y: 0, z: 0}
--- !u!212 &1234730492390569800
SpriteRenderer:
  m_ObjectHideFlags: 0
  m_CorrespondingSourceObject: {fileID: 0}
  m_PrefabInstance: {fileID: 0}
  m_PrefabAsset: {fileID: 0}
  m_GameObject: {fileID: 2359101599854705353}
  m_Enabled: 1
  m_CastShadows: 0
  m_ReceiveShadows: 0
  m_DynamicOccludee: 1
  m_MotionVectors: 1
  m_LightProbeUsage: 1
  m_ReflectionProbeUsage: 1
  m_RenderingLayerMask: 1
  m_RendererPriority: 0
  m_Materials:
  - {fileID: 10754, guid: 0000000000000000f000000000000000, type: 0}
  m_StaticBatchInfo:
    firstSubMesh: 0
    subMeshCount: 0
  m_StaticBatchRoot: {fileID: 0}
  m_ProbeAnchor: {fileID: 0}
  m_LightProbeVolumeOverride: {fileID: 0}
  m_ScaleInLightmap: 1
  m_PreserveUVs: 0
  m_IgnoreNormalsForChartDetection: 0
  m_ImportantGI: 0
  m_StitchLightmapSeams: 0
  m_SelectedEditorRenderState: 0
  m_MinimumChartSize: 4
  m_AutoUVMaxDistance: 0.5
  m_AutoUVMaxAngle: 89
  m_LightmapParameters: {fileID: 0}
  m_SortingLayerID: 0
  m_SortingLayer: 0
  m_SortingOrder: -1
  m_Sprite: {fileID: 21300000, guid: 28083dad77ca0a046b8ba2bec1adf060, type: 3}
  m_Color: {r: 1, g: 1, b: 1, a: 1}
  m_FlipX: 0
  m_FlipY: 0
  m_DrawMode: 0
  m_Size: {x: 1.36, y: 2.21}
  m_AdaptiveModeThreshold: 0.5
  m_SpriteTileMode: 0
  m_WasSpriteAssigned: 1
  m_MaskInteraction: 0
  m_SpriteSortPoint: 0
--- !u!1001 &1181459574713707476
PrefabInstance:
  m_ObjectHideFlags: 0
  serializedVersion: 2
  m_Modification:
    m_TransformParent: {fileID: 6959141517703626674}
    m_Modifications:
    - target: {fileID: 7309426763455551887, guid: 12172046e6e2c724f8be911a6a170268,
        type: 3}
      propertyPath: m_Name
      value: YellowStar (1)
      objectReference: {fileID: 0}
    - target: {fileID: 7309426763455551884, guid: 12172046e6e2c724f8be911a6a170268,
        type: 3}
      propertyPath: m_LocalPosition.x
      value: -0.115
      objectReference: {fileID: 0}
    - target: {fileID: 7309426763455551884, guid: 12172046e6e2c724f8be911a6a170268,
        type: 3}
      propertyPath: m_LocalPosition.y
      value: 0.291
      objectReference: {fileID: 0}
    - target: {fileID: 7309426763455551884, guid: 12172046e6e2c724f8be911a6a170268,
        type: 3}
      propertyPath: m_LocalPosition.z
      value: 0
      objectReference: {fileID: 0}
    - target: {fileID: 7309426763455551884, guid: 12172046e6e2c724f8be911a6a170268,
        type: 3}
      propertyPath: m_LocalRotation.x
      value: -0
      objectReference: {fileID: 0}
    - target: {fileID: 7309426763455551884, guid: 12172046e6e2c724f8be911a6a170268,
        type: 3}
      propertyPath: m_LocalRotation.y
      value: -0
      objectReference: {fileID: 0}
    - target: {fileID: 7309426763455551884, guid: 12172046e6e2c724f8be911a6a170268,
        type: 3}
      propertyPath: m_LocalRotation.z
      value: -0
      objectReference: {fileID: 0}
    - target: {fileID: 7309426763455551884, guid: 12172046e6e2c724f8be911a6a170268,
        type: 3}
      propertyPath: m_LocalRotation.w
      value: 1
      objectReference: {fileID: 0}
    - target: {fileID: 7309426763455551884, guid: 12172046e6e2c724f8be911a6a170268,
        type: 3}
      propertyPath: m_RootOrder
      value: 1
      objectReference: {fileID: 0}
    - target: {fileID: 7309426763455551884, guid: 12172046e6e2c724f8be911a6a170268,
        type: 3}
      propertyPath: m_LocalEulerAnglesHint.x
      value: 0
      objectReference: {fileID: 0}
    - target: {fileID: 7309426763455551884, guid: 12172046e6e2c724f8be911a6a170268,
        type: 3}
      propertyPath: m_LocalEulerAnglesHint.y
      value: 0
      objectReference: {fileID: 0}
    - target: {fileID: 7309426763455551884, guid: 12172046e6e2c724f8be911a6a170268,
        type: 3}
      propertyPath: m_LocalEulerAnglesHint.z
      value: 0
      objectReference: {fileID: 0}
    - target: {fileID: 7309426763455551885, guid: 12172046e6e2c724f8be911a6a170268,
        type: 3}
      propertyPath: Linked_Dot.Array.size
      value: 1
      objectReference: {fileID: 0}
    - target: {fileID: 7309426763455551885, guid: 12172046e6e2c724f8be911a6a170268,
        type: 3}
      propertyPath: Linked_Dot.Array.data[0]
      value: 
      objectReference: {fileID: 2567033707248193347}
    m_RemovedComponents: []
  m_SourcePrefab: {fileID: 100100000, guid: 12172046e6e2c724f8be911a6a170268, type: 3}
--- !u!1 &8436702060917502555 stripped
GameObject:
  m_CorrespondingSourceObject: {fileID: 7309426763455551887, guid: 12172046e6e2c724f8be911a6a170268,
    type: 3}
  m_PrefabInstance: {fileID: 1181459574713707476}
  m_PrefabAsset: {fileID: 0}
--- !u!4 &8436702060917502552 stripped
Transform:
  m_CorrespondingSourceObject: {fileID: 7309426763455551884, guid: 12172046e6e2c724f8be911a6a170268,
    type: 3}
  m_PrefabInstance: {fileID: 1181459574713707476}
  m_PrefabAsset: {fileID: 0}
--- !u!1001 &2462323647495733775
PrefabInstance:
  m_ObjectHideFlags: 0
  serializedVersion: 2
  m_Modification:
    m_TransformParent: {fileID: 6959141517703626674}
    m_Modifications:
    - target: {fileID: 7309426763455551887, guid: 12172046e6e2c724f8be911a6a170268,
        type: 3}
      propertyPath: m_Name
      value: YellowStar
      objectReference: {fileID: 0}
    - target: {fileID: 7309426763455551884, guid: 12172046e6e2c724f8be911a6a170268,
        type: 3}
      propertyPath: m_LocalPosition.x
      value: 0.019
      objectReference: {fileID: 0}
    - target: {fileID: 7309426763455551884, guid: 12172046e6e2c724f8be911a6a170268,
        type: 3}
      propertyPath: m_LocalPosition.y
      value: 0.648
      objectReference: {fileID: 0}
    - target: {fileID: 7309426763455551884, guid: 12172046e6e2c724f8be911a6a170268,
        type: 3}
      propertyPath: m_LocalPosition.z
      value: 0
      objectReference: {fileID: 0}
    - target: {fileID: 7309426763455551884, guid: 12172046e6e2c724f8be911a6a170268,
        type: 3}
      propertyPath: m_LocalRotation.x
      value: -0
      objectReference: {fileID: 0}
    - target: {fileID: 7309426763455551884, guid: 12172046e6e2c724f8be911a6a170268,
        type: 3}
      propertyPath: m_LocalRotation.y
      value: -0
      objectReference: {fileID: 0}
    - target: {fileID: 7309426763455551884, guid: 12172046e6e2c724f8be911a6a170268,
        type: 3}
      propertyPath: m_LocalRotation.z
      value: -0
      objectReference: {fileID: 0}
    - target: {fileID: 7309426763455551884, guid: 12172046e6e2c724f8be911a6a170268,
        type: 3}
      propertyPath: m_LocalRotation.w
      value: 1
      objectReference: {fileID: 0}
    - target: {fileID: 7309426763455551884, guid: 12172046e6e2c724f8be911a6a170268,
        type: 3}
      propertyPath: m_RootOrder
      value: 0
      objectReference: {fileID: 0}
    - target: {fileID: 7309426763455551884, guid: 12172046e6e2c724f8be911a6a170268,
        type: 3}
      propertyPath: m_LocalEulerAnglesHint.x
      value: 0
      objectReference: {fileID: 0}
    - target: {fileID: 7309426763455551884, guid: 12172046e6e2c724f8be911a6a170268,
        type: 3}
      propertyPath: m_LocalEulerAnglesHint.y
      value: 0
      objectReference: {fileID: 0}
    - target: {fileID: 7309426763455551884, guid: 12172046e6e2c724f8be911a6a170268,
        type: 3}
      propertyPath: m_LocalEulerAnglesHint.z
      value: 0
      objectReference: {fileID: 0}
    - target: {fileID: 7309426763455551885, guid: 12172046e6e2c724f8be911a6a170268,
        type: 3}
      propertyPath: Linked_Dot.Array.size
      value: 1
      objectReference: {fileID: 0}
    - target: {fileID: 7309426763455551885, guid: 12172046e6e2c724f8be911a6a170268,
        type: 3}
      propertyPath: Linked_Dot.Array.data[0]
      value: 
      objectReference: {fileID: 8436702060917502555}
    m_RemovedComponents: []
  m_SourcePrefab: {fileID: 100100000, guid: 12172046e6e2c724f8be911a6a170268, type: 3}
--- !u!4 &5141882231954299779 stripped
Transform:
  m_CorrespondingSourceObject: {fileID: 7309426763455551884, guid: 12172046e6e2c724f8be911a6a170268,
    type: 3}
  m_PrefabInstance: {fileID: 2462323647495733775}
  m_PrefabAsset: {fileID: 0}
--- !u!1001 &2668008976373826525
PrefabInstance:
  m_ObjectHideFlags: 0
  serializedVersion: 2
  m_Modification:
    m_TransformParent: {fileID: 6959141517703626674}
    m_Modifications:
    - target: {fileID: 7309426763455551887, guid: 12172046e6e2c724f8be911a6a170268,
        type: 3}
      propertyPath: m_Name
      value: YellowStar (4)
      objectReference: {fileID: 0}
    - target: {fileID: 7309426763455551884, guid: 12172046e6e2c724f8be911a6a170268,
        type: 3}
      propertyPath: m_LocalPosition.x
      value: 0.388
      objectReference: {fileID: 0}
    - target: {fileID: 7309426763455551884, guid: 12172046e6e2c724f8be911a6a170268,
        type: 3}
      propertyPath: m_LocalPosition.y
      value: -0.498
      objectReference: {fileID: 0}
    - target: {fileID: 7309426763455551884, guid: 12172046e6e2c724f8be911a6a170268,
        type: 3}
      propertyPath: m_LocalPosition.z
      value: 0
      objectReference: {fileID: 0}
    - target: {fileID: 7309426763455551884, guid: 12172046e6e2c724f8be911a6a170268,
        type: 3}
      propertyPath: m_LocalRotation.x
      value: -0
      objectReference: {fileID: 0}
    - target: {fileID: 7309426763455551884, guid: 12172046e6e2c724f8be911a6a170268,
        type: 3}
      propertyPath: m_LocalRotation.y
      value: -0
      objectReference: {fileID: 0}
    - target: {fileID: 7309426763455551884, guid: 12172046e6e2c724f8be911a6a170268,
        type: 3}
      propertyPath: m_LocalRotation.z
      value: -0
      objectReference: {fileID: 0}
    - target: {fileID: 7309426763455551884, guid: 12172046e6e2c724f8be911a6a170268,
        type: 3}
      propertyPath: m_LocalRotation.w
      value: 1
      objectReference: {fileID: 0}
    - target: {fileID: 7309426763455551884, guid: 12172046e6e2c724f8be911a6a170268,
        type: 3}
      propertyPath: m_RootOrder
      value: 4
      objectReference: {fileID: 0}
    - target: {fileID: 7309426763455551884, guid: 12172046e6e2c724f8be911a6a170268,
        type: 3}
      propertyPath: m_LocalEulerAnglesHint.x
      value: 0
      objectReference: {fileID: 0}
    - target: {fileID: 7309426763455551884, guid: 12172046e6e2c724f8be911a6a170268,
        type: 3}
      propertyPath: m_LocalEulerAnglesHint.y
      value: 0
      objectReference: {fileID: 0}
    - target: {fileID: 7309426763455551884, guid: 12172046e6e2c724f8be911a6a170268,
        type: 3}
      propertyPath: m_LocalEulerAnglesHint.z
      value: 0
      objectReference: {fileID: 0}
    m_RemovedComponents: []
  m_SourcePrefab: {fileID: 100100000, guid: 12172046e6e2c724f8be911a6a170268, type: 3}
--- !u!1 &4645147374959762002 stripped
GameObject:
  m_CorrespondingSourceObject: {fileID: 7309426763455551887, guid: 12172046e6e2c724f8be911a6a170268,
    type: 3}
  m_PrefabInstance: {fileID: 2668008976373826525}
  m_PrefabAsset: {fileID: 0}
--- !u!4 &4645147374959762001 stripped
Transform:
  m_CorrespondingSourceObject: {fileID: 7309426763455551884, guid: 12172046e6e2c724f8be911a6a170268,
    type: 3}
  m_PrefabInstance: {fileID: 2668008976373826525}
  m_PrefabAsset: {fileID: 0}
--- !u!1001 &5111483753146603212
PrefabInstance:
  m_ObjectHideFlags: 0
  serializedVersion: 2
  m_Modification:
    m_TransformParent: {fileID: 6959141517703626674}
    m_Modifications:
    - target: {fileID: 7309426763455551887, guid: 12172046e6e2c724f8be911a6a170268,
        type: 3}
      propertyPath: m_Name
      value: YellowStar (2)
      objectReference: {fileID: 0}
    - target: {fileID: 7309426763455551884, guid: 12172046e6e2c724f8be911a6a170268,
        type: 3}
      propertyPath: m_LocalPosition.x
      value: 0.12
      objectReference: {fileID: 0}
    - target: {fileID: 7309426763455551884, guid: 12172046e6e2c724f8be911a6a170268,
        type: 3}
      propertyPath: m_LocalPosition.y
      value: 0.015
      objectReference: {fileID: 0}
    - target: {fileID: 7309426763455551884, guid: 12172046e6e2c724f8be911a6a170268,
        type: 3}
      propertyPath: m_LocalPosition.z
      value: 0
      objectReference: {fileID: 0}
    - target: {fileID: 7309426763455551884, guid: 12172046e6e2c724f8be911a6a170268,
        type: 3}
      propertyPath: m_LocalRotation.x
      value: -0
      objectReference: {fileID: 0}
    - target: {fileID: 7309426763455551884, guid: 12172046e6e2c724f8be911a6a170268,
        type: 3}
      propertyPath: m_LocalRotation.y
      value: -0
      objectReference: {fileID: 0}
    - target: {fileID: 7309426763455551884, guid: 12172046e6e2c724f8be911a6a170268,
        type: 3}
      propertyPath: m_LocalRotation.z
      value: -0
      objectReference: {fileID: 0}
    - target: {fileID: 7309426763455551884, guid: 12172046e6e2c724f8be911a6a170268,
        type: 3}
      propertyPath: m_LocalRotation.w
      value: 1
      objectReference: {fileID: 0}
    - target: {fileID: 7309426763455551884, guid: 12172046e6e2c724f8be911a6a170268,
        type: 3}
      propertyPath: m_RootOrder
      value: 2
      objectReference: {fileID: 0}
    - target: {fileID: 7309426763455551884, guid: 12172046e6e2c724f8be911a6a170268,
        type: 3}
      propertyPath: m_LocalEulerAnglesHint.x
      value: 0
      objectReference: {fileID: 0}
    - target: {fileID: 7309426763455551884, guid: 12172046e6e2c724f8be911a6a170268,
        type: 3}
      propertyPath: m_LocalEulerAnglesHint.y
      value: 0
      objectReference: {fileID: 0}
    - target: {fileID: 7309426763455551884, guid: 12172046e6e2c724f8be911a6a170268,
        type: 3}
      propertyPath: m_LocalEulerAnglesHint.z
      value: 0
      objectReference: {fileID: 0}
    - target: {fileID: 7309426763455551885, guid: 12172046e6e2c724f8be911a6a170268,
        type: 3}
      propertyPath: Linked_Dot.Array.size
      value: 1
      objectReference: {fileID: 0}
    - target: {fileID: 7309426763455551885, guid: 12172046e6e2c724f8be911a6a170268,
        type: 3}
      propertyPath: Linked_Dot.Array.data[0]
      value: 
      objectReference: {fileID: 1967023119751807398}
    m_RemovedComponents: []
  m_SourcePrefab: {fileID: 100100000, guid: 12172046e6e2c724f8be911a6a170268, type: 3}
--- !u!1 &2567033707248193347 stripped
GameObject:
  m_CorrespondingSourceObject: {fileID: 7309426763455551887, guid: 12172046e6e2c724f8be911a6a170268,
    type: 3}
  m_PrefabInstance: {fileID: 5111483753146603212}
  m_PrefabAsset: {fileID: 0}
--- !u!4 &2567033707248193344 stripped
Transform:
  m_CorrespondingSourceObject: {fileID: 7309426763455551884, guid: 12172046e6e2c724f8be911a6a170268,
    type: 3}
  m_PrefabInstance: {fileID: 5111483753146603212}
  m_PrefabAsset: {fileID: 0}
--- !u!1001 &9096156278581483561
PrefabInstance:
  m_ObjectHideFlags: 0
  serializedVersion: 2
  m_Modification:
    m_TransformParent: {fileID: 6959141517703626674}
    m_Modifications:
    - target: {fileID: 7309426763455551887, guid: 12172046e6e2c724f8be911a6a170268,
        type: 3}
      propertyPath: m_Name
      value: YellowStar (3)
      objectReference: {fileID: 0}
    - target: {fileID: 7309426763455551884, guid: 12172046e6e2c724f8be911a6a170268,
        type: 3}
      propertyPath: m_LocalPosition.x
      value: -0.052
      objectReference: {fileID: 0}
    - target: {fileID: 7309426763455551884, guid: 12172046e6e2c724f8be911a6a170268,
        type: 3}
      propertyPath: m_LocalPosition.y
      value: -0.387
      objectReference: {fileID: 0}
    - target: {fileID: 7309426763455551884, guid: 12172046e6e2c724f8be911a6a170268,
        type: 3}
      propertyPath: m_LocalPosition.z
      value: 0
      objectReference: {fileID: 0}
    - target: {fileID: 7309426763455551884, guid: 12172046e6e2c724f8be911a6a170268,
        type: 3}
      propertyPath: m_LocalRotation.x
      value: -0
      objectReference: {fileID: 0}
    - target: {fileID: 7309426763455551884, guid: 12172046e6e2c724f8be911a6a170268,
        type: 3}
      propertyPath: m_LocalRotation.y
      value: -0
      objectReference: {fileID: 0}
    - target: {fileID: 7309426763455551884, guid: 12172046e6e2c724f8be911a6a170268,
        type: 3}
      propertyPath: m_LocalRotation.z
      value: -0
      objectReference: {fileID: 0}
    - target: {fileID: 7309426763455551884, guid: 12172046e6e2c724f8be911a6a170268,
        type: 3}
      propertyPath: m_LocalRotation.w
      value: 1
      objectReference: {fileID: 0}
    - target: {fileID: 7309426763455551884, guid: 12172046e6e2c724f8be911a6a170268,
        type: 3}
      propertyPath: m_RootOrder
      value: 3
      objectReference: {fileID: 0}
    - target: {fileID: 7309426763455551884, guid: 12172046e6e2c724f8be911a6a170268,
        type: 3}
      propertyPath: m_LocalEulerAnglesHint.x
      value: 0
      objectReference: {fileID: 0}
    - target: {fileID: 7309426763455551884, guid: 12172046e6e2c724f8be911a6a170268,
        type: 3}
      propertyPath: m_LocalEulerAnglesHint.y
      value: 0
      objectReference: {fileID: 0}
    - target: {fileID: 7309426763455551884, guid: 12172046e6e2c724f8be911a6a170268,
        type: 3}
      propertyPath: m_LocalEulerAnglesHint.z
      value: 0
      objectReference: {fileID: 0}
    - target: {fileID: 7309426763455551885, guid: 12172046e6e2c724f8be911a6a170268,
        type: 3}
      propertyPath: Linked_Dot.Array.size
      value: 1
      objectReference: {fileID: 0}
    - target: {fileID: 7309426763455551885, guid: 12172046e6e2c724f8be911a6a170268,
        type: 3}
      propertyPath: Linked_Dot.Array.data[0]
      value: 
      objectReference: {fileID: 4645147374959762002}
    m_RemovedComponents: []
  m_SourcePrefab: {fileID: 100100000, guid: 12172046e6e2c724f8be911a6a170268, type: 3}
--- !u!1 &1967023119751807398 stripped
GameObject:
  m_CorrespondingSourceObject: {fileID: 7309426763455551887, guid: 12172046e6e2c724f8be911a6a170268,
    type: 3}
  m_PrefabInstance: {fileID: 9096156278581483561}
  m_PrefabAsset: {fileID: 0}
--- !u!4 &1967023119751807397 stripped
Transform:
  m_CorrespondingSourceObject: {fileID: 7309426763455551884, guid: 12172046e6e2c724f8be911a6a170268,
    type: 3}
  m_PrefabInstance: {fileID: 9096156278581483561}
  m_PrefabAsset: {fileID: 0}
