%YAML 1.1
%TAG !u! tag:unity3d.com,2011:
--- !u!1 &6888574296793960663
GameObject:
  m_ObjectHideFlags: 0
  m_CorrespondingSourceObject: {fileID: 0}
  m_PrefabInstance: {fileID: 0}
  m_PrefabAsset: {fileID: 0}
  serializedVersion: 6
  m_Component:
  - component: {fileID: 6888574296793960662}
  - component: {fileID: 6888574296793960661}
  m_Layer: 0
  m_Name: Libra
  m_TagString: Untagged
  m_Icon: {fileID: 0}
  m_NavMeshLayer: 0
  m_StaticEditorFlags: 0
  m_IsActive: 1
--- !u!4 &6888574296793960662
Transform:
  m_ObjectHideFlags: 0
  m_CorrespondingSourceObject: {fileID: 0}
  m_PrefabInstance: {fileID: 0}
  m_PrefabAsset: {fileID: 0}
  m_GameObject: {fileID: 6888574296793960663}
  m_LocalRotation: {x: -0, y: -0, z: -0, w: 1}
  m_LocalPosition: {x: 0, y: 0, z: 0}
  m_LocalScale: {x: 1, y: 1, z: 1}
  m_Children:
  - {fileID: 4245044216600011393}
  - {fileID: 4245044216705341255}
  - {fileID: 4245044217480631149}
  - {fileID: 4245044216716067332}
  - {fileID: 4245044217455585157}
  - {fileID: 4245044216714566063}
  m_Father: {fileID: 0}
  m_RootOrder: 0
  m_LocalEulerAnglesHint: {x: 0, y: 0, z: 0}
--- !u!212 &6888574296793960661
SpriteRenderer:
  m_ObjectHideFlags: 0
  m_CorrespondingSourceObject: {fileID: 0}
  m_PrefabInstance: {fileID: 0}
  m_PrefabAsset: {fileID: 0}
  m_GameObject: {fileID: 6888574296793960663}
  m_Enabled: 1
  m_CastShadows: 0
  m_ReceiveShadows: 0
  m_DynamicOccludee: 1
  m_MotionVectors: 1
  m_LightProbeUsage: 1
  m_ReflectionProbeUsage: 1
  m_RenderingLayerMask: 1
  m_RendererPriority: 0
  m_Materials:
  - {fileID: 10754, guid: 0000000000000000f000000000000000, type: 0}
  m_StaticBatchInfo:
    firstSubMesh: 0
    subMeshCount: 0
  m_StaticBatchRoot: {fileID: 0}
  m_ProbeAnchor: {fileID: 0}
  m_LightProbeVolumeOverride: {fileID: 0}
  m_ScaleInLightmap: 1
  m_PreserveUVs: 0
  m_IgnoreNormalsForChartDetection: 0
  m_ImportantGI: 0
  m_StitchLightmapSeams: 0
  m_SelectedEditorRenderState: 0
  m_MinimumChartSize: 4
  m_AutoUVMaxDistance: 0.5
  m_AutoUVMaxAngle: 89
  m_LightmapParameters: {fileID: 0}
  m_SortingLayerID: 0
  m_SortingLayer: 0
  m_SortingOrder: -1
  m_Sprite: {fileID: 21300000, guid: 1e986fcdca0f4a3409697e546df443b9, type: 3}
  m_Color: {r: 1, g: 1, b: 1, a: 1}
  m_FlipX: 0
  m_FlipY: 0
  m_DrawMode: 0
  m_Size: {x: 1.74, y: 1.64}
  m_AdaptiveModeThreshold: 0.5
  m_SpriteTileMode: 0
  m_WasSpriteAssigned: 1
  m_MaskInteraction: 0
  m_SpriteSortPoint: 0
--- !u!1001 &6888574296279040035
PrefabInstance:
  m_ObjectHideFlags: 0
  serializedVersion: 2
  m_Modification:
    m_TransformParent: {fileID: 6888574296793960662}
    m_Modifications:
    - target: {fileID: 7309426763455551887, guid: 12172046e6e2c724f8be911a6a170268,
        type: 3}
      propertyPath: m_Name
      value: YellowStar (5)
      objectReference: {fileID: 0}
    - target: {fileID: 7309426763455551884, guid: 12172046e6e2c724f8be911a6a170268,
        type: 3}
      propertyPath: m_LocalPosition.x
      value: 0.38
      objectReference: {fileID: 0}
    - target: {fileID: 7309426763455551884, guid: 12172046e6e2c724f8be911a6a170268,
        type: 3}
      propertyPath: m_LocalPosition.y
      value: -0.774
      objectReference: {fileID: 0}
    - target: {fileID: 7309426763455551884, guid: 12172046e6e2c724f8be911a6a170268,
        type: 3}
      propertyPath: m_LocalPosition.z
      value: 0
      objectReference: {fileID: 0}
    - target: {fileID: 7309426763455551884, guid: 12172046e6e2c724f8be911a6a170268,
        type: 3}
      propertyPath: m_LocalRotation.x
      value: -0
      objectReference: {fileID: 0}
    - target: {fileID: 7309426763455551884, guid: 12172046e6e2c724f8be911a6a170268,
        type: 3}
      propertyPath: m_LocalRotation.y
      value: -0
      objectReference: {fileID: 0}
    - target: {fileID: 7309426763455551884, guid: 12172046e6e2c724f8be911a6a170268,
        type: 3}
      propertyPath: m_LocalRotation.z
      value: -0
      objectReference: {fileID: 0}
    - target: {fileID: 7309426763455551884, guid: 12172046e6e2c724f8be911a6a170268,
        type: 3}
      propertyPath: m_LocalRotation.w
      value: 1
      objectReference: {fileID: 0}
    - target: {fileID: 7309426763455551884, guid: 12172046e6e2c724f8be911a6a170268,
        type: 3}
      propertyPath: m_RootOrder
      value: 5
      objectReference: {fileID: 0}
    - target: {fileID: 7309426763455551884, guid: 12172046e6e2c724f8be911a6a170268,
        type: 3}
      propertyPath: m_LocalEulerAnglesHint.x
      value: 0
      objectReference: {fileID: 0}
    - target: {fileID: 7309426763455551884, guid: 12172046e6e2c724f8be911a6a170268,
        type: 3}
      propertyPath: m_LocalEulerAnglesHint.y
      value: 0
      objectReference: {fileID: 0}
    - target: {fileID: 7309426763455551884, guid: 12172046e6e2c724f8be911a6a170268,
        type: 3}
      propertyPath: m_LocalEulerAnglesHint.z
      value: 0
      objectReference: {fileID: 0}
    m_RemovedComponents: []
  m_SourcePrefab: {fileID: 100100000, guid: 12172046e6e2c724f8be911a6a170268, type: 3}
--- !u!1 &4245044216714566060 stripped
GameObject:
  m_CorrespondingSourceObject: {fileID: 7309426763455551887, guid: 12172046e6e2c724f8be911a6a170268,
    type: 3}
  m_PrefabInstance: {fileID: 6888574296279040035}
  m_PrefabAsset: {fileID: 0}
--- !u!4 &4245044216714566063 stripped
Transform:
  m_CorrespondingSourceObject: {fileID: 7309426763455551884, guid: 12172046e6e2c724f8be911a6a170268,
    type: 3}
  m_PrefabInstance: {fileID: 6888574296279040035}
  m_PrefabAsset: {fileID: 0}
--- !u!1001 &6888574296280554376
PrefabInstance:
  m_ObjectHideFlags: 0
  serializedVersion: 2
  m_Modification:
    m_TransformParent: {fileID: 6888574296793960662}
    m_Modifications:
    - target: {fileID: 7309426763455551887, guid: 12172046e6e2c724f8be911a6a170268,
        type: 3}
      propertyPath: m_Name
      value: YellowStar (3)
      objectReference: {fileID: 0}
    - target: {fileID: 7309426763455551884, guid: 12172046e6e2c724f8be911a6a170268,
        type: 3}
      propertyPath: m_LocalPosition.x
      value: 0.179
      objectReference: {fileID: 0}
    - target: {fileID: 7309426763455551884, guid: 12172046e6e2c724f8be911a6a170268,
        type: 3}
      propertyPath: m_LocalPosition.y
      value: -0.305
      objectReference: {fileID: 0}
    - target: {fileID: 7309426763455551884, guid: 12172046e6e2c724f8be911a6a170268,
        type: 3}
      propertyPath: m_LocalPosition.z
      value: 0
      objectReference: {fileID: 0}
    - target: {fileID: 7309426763455551884, guid: 12172046e6e2c724f8be911a6a170268,
        type: 3}
      propertyPath: m_LocalRotation.x
      value: -0
      objectReference: {fileID: 0}
    - target: {fileID: 7309426763455551884, guid: 12172046e6e2c724f8be911a6a170268,
        type: 3}
      propertyPath: m_LocalRotation.y
      value: -0
      objectReference: {fileID: 0}
    - target: {fileID: 7309426763455551884, guid: 12172046e6e2c724f8be911a6a170268,
        type: 3}
      propertyPath: m_LocalRotation.z
      value: -0
      objectReference: {fileID: 0}
    - target: {fileID: 7309426763455551884, guid: 12172046e6e2c724f8be911a6a170268,
        type: 3}
      propertyPath: m_LocalRotation.w
      value: 1
      objectReference: {fileID: 0}
    - target: {fileID: 7309426763455551884, guid: 12172046e6e2c724f8be911a6a170268,
        type: 3}
      propertyPath: m_RootOrder
      value: 3
      objectReference: {fileID: 0}
    - target: {fileID: 7309426763455551884, guid: 12172046e6e2c724f8be911a6a170268,
        type: 3}
      propertyPath: m_LocalEulerAnglesHint.x
      value: 0
      objectReference: {fileID: 0}
    - target: {fileID: 7309426763455551884, guid: 12172046e6e2c724f8be911a6a170268,
        type: 3}
      propertyPath: m_LocalEulerAnglesHint.y
      value: 0
      objectReference: {fileID: 0}
    - target: {fileID: 7309426763455551884, guid: 12172046e6e2c724f8be911a6a170268,
        type: 3}
      propertyPath: m_LocalEulerAnglesHint.z
      value: 0
      objectReference: {fileID: 0}
    - target: {fileID: 7309426763455551885, guid: 12172046e6e2c724f8be911a6a170268,
        type: 3}
      propertyPath: Linked_Dot.Array.size
      value: 1
      objectReference: {fileID: 0}
    - target: {fileID: 7309426763455551885, guid: 12172046e6e2c724f8be911a6a170268,
        type: 3}
      propertyPath: Linked_Dot.Array.data[0]
      value: 
      objectReference: {fileID: 4245044217455585158}
    m_RemovedComponents: []
  m_SourcePrefab: {fileID: 100100000, guid: 12172046e6e2c724f8be911a6a170268, type: 3}
--- !u!1 &4245044216716067335 stripped
GameObject:
  m_CorrespondingSourceObject: {fileID: 7309426763455551887, guid: 12172046e6e2c724f8be911a6a170268,
    type: 3}
  m_PrefabInstance: {fileID: 6888574296280554376}
  m_PrefabAsset: {fileID: 0}
--- !u!4 &4245044216716067332 stripped
Transform:
  m_CorrespondingSourceObject: {fileID: 7309426763455551884, guid: 12172046e6e2c724f8be911a6a170268,
    type: 3}
  m_PrefabInstance: {fileID: 6888574296280554376}
  m_PrefabAsset: {fileID: 0}
--- !u!1001 &6888574296286564043
PrefabInstance:
  m_ObjectHideFlags: 0
  serializedVersion: 2
  m_Modification:
    m_TransformParent: {fileID: 6888574296793960662}
    m_Modifications:
    - target: {fileID: 7309426763455551887, guid: 12172046e6e2c724f8be911a6a170268,
        type: 3}
      propertyPath: m_Name
      value: YellowStar (1)
      objectReference: {fileID: 0}
    - target: {fileID: 7309426763455551884, guid: 12172046e6e2c724f8be911a6a170268,
        type: 3}
      propertyPath: m_LocalPosition.x
      value: -0.344
      objectReference: {fileID: 0}
    - target: {fileID: 7309426763455551884, guid: 12172046e6e2c724f8be911a6a170268,
        type: 3}
      propertyPath: m_LocalPosition.y
      value: 0.066
      objectReference: {fileID: 0}
    - target: {fileID: 7309426763455551884, guid: 12172046e6e2c724f8be911a6a170268,
        type: 3}
      propertyPath: m_LocalPosition.z
      value: 0
      objectReference: {fileID: 0}
    - target: {fileID: 7309426763455551884, guid: 12172046e6e2c724f8be911a6a170268,
        type: 3}
      propertyPath: m_LocalRotation.x
      value: -0
      objectReference: {fileID: 0}
    - target: {fileID: 7309426763455551884, guid: 12172046e6e2c724f8be911a6a170268,
        type: 3}
      propertyPath: m_LocalRotation.y
      value: -0
      objectReference: {fileID: 0}
    - target: {fileID: 7309426763455551884, guid: 12172046e6e2c724f8be911a6a170268,
        type: 3}
      propertyPath: m_LocalRotation.z
      value: -0
      objectReference: {fileID: 0}
    - target: {fileID: 7309426763455551884, guid: 12172046e6e2c724f8be911a6a170268,
        type: 3}
      propertyPath: m_LocalRotation.w
      value: 1
      objectReference: {fileID: 0}
    - target: {fileID: 7309426763455551884, guid: 12172046e6e2c724f8be911a6a170268,
        type: 3}
      propertyPath: m_RootOrder
      value: 1
      objectReference: {fileID: 0}
    - target: {fileID: 7309426763455551884, guid: 12172046e6e2c724f8be911a6a170268,
        type: 3}
      propertyPath: m_LocalEulerAnglesHint.x
      value: 0
      objectReference: {fileID: 0}
    - target: {fileID: 7309426763455551884, guid: 12172046e6e2c724f8be911a6a170268,
        type: 3}
      propertyPath: m_LocalEulerAnglesHint.y
      value: 0
      objectReference: {fileID: 0}
    - target: {fileID: 7309426763455551884, guid: 12172046e6e2c724f8be911a6a170268,
        type: 3}
      propertyPath: m_LocalEulerAnglesHint.z
      value: 0
      objectReference: {fileID: 0}
    - target: {fileID: 7309426763455551885, guid: 12172046e6e2c724f8be911a6a170268,
        type: 3}
      propertyPath: Linked_Dot.Array.size
      value: 2
      objectReference: {fileID: 0}
    - target: {fileID: 7309426763455551885, guid: 12172046e6e2c724f8be911a6a170268,
        type: 3}
      propertyPath: Linked_Dot.Array.data[0]
      value: 
      objectReference: {fileID: 4245044217480631150}
    - target: {fileID: 7309426763455551885, guid: 12172046e6e2c724f8be911a6a170268,
        type: 3}
      propertyPath: Linked_Dot.Array.data[1]
      value: 
      objectReference: {fileID: 4245044216716067335}
    m_RemovedComponents: []
  m_SourcePrefab: {fileID: 100100000, guid: 12172046e6e2c724f8be911a6a170268, type: 3}
--- !u!1 &4245044216705341252 stripped
GameObject:
  m_CorrespondingSourceObject: {fileID: 7309426763455551887, guid: 12172046e6e2c724f8be911a6a170268,
    type: 3}
  m_PrefabInstance: {fileID: 6888574296286564043}
  m_PrefabAsset: {fileID: 0}
--- !u!4 &4245044216705341255 stripped
Transform:
  m_CorrespondingSourceObject: {fileID: 7309426763455551884, guid: 12172046e6e2c724f8be911a6a170268,
    type: 3}
  m_PrefabInstance: {fileID: 6888574296286564043}
  m_PrefabAsset: {fileID: 0}
--- !u!1001 &6888574296667814669
PrefabInstance:
  m_ObjectHideFlags: 0
  serializedVersion: 2
  m_Modification:
    m_TransformParent: {fileID: 6888574296793960662}
    m_Modifications:
    - target: {fileID: 7309426763455551887, guid: 12172046e6e2c724f8be911a6a170268,
        type: 3}
      propertyPath: m_Name
      value: YellowStar
      objectReference: {fileID: 0}
    - target: {fileID: 7309426763455551884, guid: 12172046e6e2c724f8be911a6a170268,
        type: 3}
      propertyPath: m_LocalPosition.x
      value: 0
      objectReference: {fileID: 0}
    - target: {fileID: 7309426763455551884, guid: 12172046e6e2c724f8be911a6a170268,
        type: 3}
      propertyPath: m_LocalPosition.y
      value: 0.576
      objectReference: {fileID: 0}
    - target: {fileID: 7309426763455551884, guid: 12172046e6e2c724f8be911a6a170268,
        type: 3}
      propertyPath: m_LocalPosition.z
      value: 0
      objectReference: {fileID: 0}
    - target: {fileID: 7309426763455551884, guid: 12172046e6e2c724f8be911a6a170268,
        type: 3}
      propertyPath: m_LocalRotation.x
      value: -0
      objectReference: {fileID: 0}
    - target: {fileID: 7309426763455551884, guid: 12172046e6e2c724f8be911a6a170268,
        type: 3}
      propertyPath: m_LocalRotation.y
      value: -0
      objectReference: {fileID: 0}
    - target: {fileID: 7309426763455551884, guid: 12172046e6e2c724f8be911a6a170268,
        type: 3}
      propertyPath: m_LocalRotation.z
      value: -0
      objectReference: {fileID: 0}
    - target: {fileID: 7309426763455551884, guid: 12172046e6e2c724f8be911a6a170268,
        type: 3}
      propertyPath: m_LocalRotation.w
      value: 1
      objectReference: {fileID: 0}
    - target: {fileID: 7309426763455551884, guid: 12172046e6e2c724f8be911a6a170268,
        type: 3}
      propertyPath: m_RootOrder
      value: 0
      objectReference: {fileID: 0}
    - target: {fileID: 7309426763455551884, guid: 12172046e6e2c724f8be911a6a170268,
        type: 3}
      propertyPath: m_LocalEulerAnglesHint.x
      value: 0
      objectReference: {fileID: 0}
    - target: {fileID: 7309426763455551884, guid: 12172046e6e2c724f8be911a6a170268,
        type: 3}
      propertyPath: m_LocalEulerAnglesHint.y
      value: 0
      objectReference: {fileID: 0}
    - target: {fileID: 7309426763455551884, guid: 12172046e6e2c724f8be911a6a170268,
        type: 3}
      propertyPath: m_LocalEulerAnglesHint.z
      value: 0
      objectReference: {fileID: 0}
    - target: {fileID: 7309426763455551885, guid: 12172046e6e2c724f8be911a6a170268,
        type: 3}
      propertyPath: Linked_Dot.Array.size
      value: 1
      objectReference: {fileID: 0}
    - target: {fileID: 7309426763455551885, guid: 12172046e6e2c724f8be911a6a170268,
        type: 3}
      propertyPath: Linked_Dot.Array.data[0]
      value: 
      objectReference: {fileID: 4245044216705341252}
    m_RemovedComponents: []
  m_SourcePrefab: {fileID: 100100000, guid: 12172046e6e2c724f8be911a6a170268, type: 3}
--- !u!1 &4245044216600011394 stripped
GameObject:
  m_CorrespondingSourceObject: {fileID: 7309426763455551887, guid: 12172046e6e2c724f8be911a6a170268,
    type: 3}
  m_PrefabInstance: {fileID: 6888574296667814669}
  m_PrefabAsset: {fileID: 0}
--- !u!4 &4245044216600011393 stripped
Transform:
  m_CorrespondingSourceObject: {fileID: 7309426763455551884, guid: 12172046e6e2c724f8be911a6a170268,
    type: 3}
  m_PrefabInstance: {fileID: 6888574296667814669}
  m_PrefabAsset: {fileID: 0}
--- !u!1001 &6888574296994745057
PrefabInstance:
  m_ObjectHideFlags: 0
  serializedVersion: 2
  m_Modification:
    m_TransformParent: {fileID: 6888574296793960662}
    m_Modifications:
    - target: {fileID: 7309426763455551887, guid: 12172046e6e2c724f8be911a6a170268,
        type: 3}
      propertyPath: m_Name
      value: YellowStar (2)
      objectReference: {fileID: 0}
    - target: {fileID: 7309426763455551884, guid: 12172046e6e2c724f8be911a6a170268,
        type: 3}
      propertyPath: m_LocalPosition.x
      value: -0.72
      objectReference: {fileID: 0}
    - target: {fileID: 7309426763455551884, guid: 12172046e6e2c724f8be911a6a170268,
        type: 3}
      propertyPath: m_LocalPosition.y
      value: -0.157
      objectReference: {fileID: 0}
    - target: {fileID: 7309426763455551884, guid: 12172046e6e2c724f8be911a6a170268,
        type: 3}
      propertyPath: m_LocalPosition.z
      value: 0
      objectReference: {fileID: 0}
    - target: {fileID: 7309426763455551884, guid: 12172046e6e2c724f8be911a6a170268,
        type: 3}
      propertyPath: m_LocalRotation.x
      value: -0
      objectReference: {fileID: 0}
    - target: {fileID: 7309426763455551884, guid: 12172046e6e2c724f8be911a6a170268,
        type: 3}
      propertyPath: m_LocalRotation.y
      value: -0
      objectReference: {fileID: 0}
    - target: {fileID: 7309426763455551884, guid: 12172046e6e2c724f8be911a6a170268,
        type: 3}
      propertyPath: m_LocalRotation.z
      value: -0
      objectReference: {fileID: 0}
    - target: {fileID: 7309426763455551884, guid: 12172046e6e2c724f8be911a6a170268,
        type: 3}
      propertyPath: m_LocalRotation.w
      value: 1
      objectReference: {fileID: 0}
    - target: {fileID: 7309426763455551884, guid: 12172046e6e2c724f8be911a6a170268,
        type: 3}
      propertyPath: m_RootOrder
      value: 2
      objectReference: {fileID: 0}
    - target: {fileID: 7309426763455551884, guid: 12172046e6e2c724f8be911a6a170268,
        type: 3}
      propertyPath: m_LocalEulerAnglesHint.x
      value: 0
      objectReference: {fileID: 0}
    - target: {fileID: 7309426763455551884, guid: 12172046e6e2c724f8be911a6a170268,
        type: 3}
      propertyPath: m_LocalEulerAnglesHint.y
      value: 0
      objectReference: {fileID: 0}
    - target: {fileID: 7309426763455551884, guid: 12172046e6e2c724f8be911a6a170268,
        type: 3}
      propertyPath: m_LocalEulerAnglesHint.z
      value: 0
      objectReference: {fileID: 0}
    m_RemovedComponents: []
  m_SourcePrefab: {fileID: 100100000, guid: 12172046e6e2c724f8be911a6a170268, type: 3}
--- !u!1 &4245044217480631150 stripped
GameObject:
  m_CorrespondingSourceObject: {fileID: 7309426763455551887, guid: 12172046e6e2c724f8be911a6a170268,
    type: 3}
  m_PrefabInstance: {fileID: 6888574296994745057}
  m_PrefabAsset: {fileID: 0}
--- !u!4 &4245044217480631149 stripped
Transform:
  m_CorrespondingSourceObject: {fileID: 7309426763455551884, guid: 12172046e6e2c724f8be911a6a170268,
    type: 3}
  m_PrefabInstance: {fileID: 6888574296994745057}
  m_PrefabAsset: {fileID: 0}
--- !u!1001 &6888574297020071433
PrefabInstance:
  m_ObjectHideFlags: 0
  serializedVersion: 2
  m_Modification:
    m_TransformParent: {fileID: 6888574296793960662}
    m_Modifications:
    - target: {fileID: 7309426763455551887, guid: 12172046e6e2c724f8be911a6a170268,
        type: 3}
      propertyPath: m_Name
      value: YellowStar (4)
      objectReference: {fileID: 0}
    - target: {fileID: 7309426763455551884, guid: 12172046e6e2c724f8be911a6a170268,
        type: 3}
      propertyPath: m_LocalPosition.x
      value: 0.608
      objectReference: {fileID: 0}
    - target: {fileID: 7309426763455551884, guid: 12172046e6e2c724f8be911a6a170268,
        type: 3}
      propertyPath: m_LocalPosition.y
      value: 0.04
      objectReference: {fileID: 0}
    - target: {fileID: 7309426763455551884, guid: 12172046e6e2c724f8be911a6a170268,
        type: 3}
      propertyPath: m_LocalPosition.z
      value: 0
      objectReference: {fileID: 0}
    - target: {fileID: 7309426763455551884, guid: 12172046e6e2c724f8be911a6a170268,
        type: 3}
      propertyPath: m_LocalRotation.x
      value: -0
      objectReference: {fileID: 0}
    - target: {fileID: 7309426763455551884, guid: 12172046e6e2c724f8be911a6a170268,
        type: 3}
      propertyPath: m_LocalRotation.y
      value: -0
      objectReference: {fileID: 0}
    - target: {fileID: 7309426763455551884, guid: 12172046e6e2c724f8be911a6a170268,
        type: 3}
      propertyPath: m_LocalRotation.z
      value: -0
      objectReference: {fileID: 0}
    - target: {fileID: 7309426763455551884, guid: 12172046e6e2c724f8be911a6a170268,
        type: 3}
      propertyPath: m_LocalRotation.w
      value: 1
      objectReference: {fileID: 0}
    - target: {fileID: 7309426763455551884, guid: 12172046e6e2c724f8be911a6a170268,
        type: 3}
      propertyPath: m_RootOrder
      value: 4
      objectReference: {fileID: 0}
    - target: {fileID: 7309426763455551884, guid: 12172046e6e2c724f8be911a6a170268,
        type: 3}
      propertyPath: m_LocalEulerAnglesHint.x
      value: 0
      objectReference: {fileID: 0}
    - target: {fileID: 7309426763455551884, guid: 12172046e6e2c724f8be911a6a170268,
        type: 3}
      propertyPath: m_LocalEulerAnglesHint.y
      value: 0
      objectReference: {fileID: 0}
    - target: {fileID: 7309426763455551884, guid: 12172046e6e2c724f8be911a6a170268,
        type: 3}
      propertyPath: m_LocalEulerAnglesHint.z
      value: 0
      objectReference: {fileID: 0}
    - target: {fileID: 7309426763455551885, guid: 12172046e6e2c724f8be911a6a170268,
        type: 3}
      propertyPath: Linked_Dot.Array.size
      value: 2
      objectReference: {fileID: 0}
    - target: {fileID: 7309426763455551885, guid: 12172046e6e2c724f8be911a6a170268,
        type: 3}
      propertyPath: Linked_Dot.Array.data[0]
      value: 
      objectReference: {fileID: 4245044216600011394}
    - target: {fileID: 7309426763455551885, guid: 12172046e6e2c724f8be911a6a170268,
        type: 3}
      propertyPath: Linked_Dot.Array.data[1]
      value: 
      objectReference: {fileID: 4245044216714566060}
    m_RemovedComponents: []
  m_SourcePrefab: {fileID: 100100000, guid: 12172046e6e2c724f8be911a6a170268, type: 3}
--- !u!1 &4245044217455585158 stripped
GameObject:
  m_CorrespondingSourceObject: {fileID: 7309426763455551887, guid: 12172046e6e2c724f8be911a6a170268,
    type: 3}
  m_PrefabInstance: {fileID: 6888574297020071433}
  m_PrefabAsset: {fileID: 0}
--- !u!4 &4245044217455585157 stripped
Transform:
  m_CorrespondingSourceObject: {fileID: 7309426763455551884, guid: 12172046e6e2c724f8be911a6a170268,
    type: 3}
  m_PrefabInstance: {fileID: 6888574297020071433}
  m_PrefabAsset: {fileID: 0}
